<record><leader>00000cas a22000007a 4500</leader><controlfield tag="001">20870602</controlfield><controlfield tag="008">900110c19849999couwr ne      0   a0eng d</controlfield><datafield ind1=" " ind2=" " tag="010"><subfield code="a">sn 90051004 </subfield><subfield code="z">sn 95006188 </subfield></datafield><datafield ind1=" " ind2=" " tag="040"><subfield code="a">CNQ</subfield><subfield code="b">eng</subfield><subfield code="c">CNQ</subfield><subfield code="d">NSD</subfield><subfield code="d">OCLCQ</subfield></datafield><datafield ind1=" " ind2=" " tag="012"><subfield code="j">0</subfield><subfield code="l">1</subfield><subfield code="m">1</subfield></datafield><datafield ind1="0" ind2=" " tag="022"><subfield code="a">1084-3493</subfield><subfield code="l">1084-3493</subfield><subfield code="2">1</subfield></datafield><datafield ind1=" " ind2=" " tag="032"><subfield code="a">052610</subfield><subfield code="b">USPS</subfield></datafield><datafield ind1=" " ind2=" " tag="037"><subfield code="b">The Clear Creek Courant, Inc., P.O. Box 2020, Idaho Springs, CO 80452-2020</subfield></datafield><datafield ind1=" " ind2=" " tag="042"><subfield code="a">msc</subfield><subfield code="a">nsdp</subfield></datafield><datafield ind1="1" ind2="0" tag="082"><subfield code="a">070</subfield><subfield code="2">12</subfield></datafield><datafield ind1="0" ind2=" " tag="130"><subfield code="a">Clear Creek courant (Idaho Springs, Colo. : 1984)</subfield></datafield><datafield ind1="0" ind2=" " tag="210"><subfield code="a">Clear Creek courant</subfield><subfield code="b">(Idaho Springs Colo. : 1984)</subfield></datafield><datafield ind1=" " ind2="4" tag="222"><subfield code="a">The Clear Creek courant</subfield><subfield code="b">(Idaho Springs, Colo. : 1984)</subfield></datafield><datafield ind1="1" ind2="4" tag="245"><subfield code="a">The Clear Creek courant.</subfield></datafield><datafield ind1=" " ind2=" " tag="260"><subfield code="a">Idaho Springs, Colo. :</subfield><subfield code="b">Carol Wilcox &amp; Cary Stiff,</subfield><subfield code="c">[1984]-</subfield></datafield><datafield ind1=" " ind2=" " tag="300"><subfield code="a">v.</subfield></datafield><datafield ind1=" " ind2=" " tag="310"><subfield code="a">Weekly</subfield></datafield><datafield ind1="0" ind2=" " tag="362"><subfield code="a">Vol. 11, no. 24 (Jan. 18, 1984)-</subfield></datafield><datafield ind1=" " ind2=" " tag="530"><subfield code="a">Available on microfilm from the Colorado Historical Society.</subfield></datafield><datafield ind1=" " ind2=" " tag="588"><subfield code="a">Latest issue consulted: Vol. 22, no. 45 (June 28, 1995).</subfield></datafield><datafield ind1=" " ind2=" " tag="752"><subfield code="a">United States</subfield><subfield code="b">Colorado</subfield><subfield code="c">Clear Creek</subfield><subfield code="d">Idaho Springs.</subfield></datafield><datafield ind1="0" ind2="0" tag="780"><subfield code="t">Clear Creek courant &amp; Evergreen today</subfield><subfield code="w">(DLC)sn 90051003</subfield></datafield></record>